<?xml version="1.0" encoding="UTF-8"?><record xmlns="http://www.loc.gov/MARC21/slim" xmlns:cinclude="http://apache.org/cocoon/include/1.0" xmlns:zs="http://www.loc.gov/zing/srw/">
  <leader>00427nz  a2200121n  4500</leader>
  <controlfield tag="001">n  85829524 </controlfield>
  <controlfield tag="003">DLC</controlfield>
  <controlfield tag="005">19851217103057.1</controlfield>
  <controlfield tag="008">851217n| acannaab|          |n and |||  </controlfield>
  <datafield tag="010" ind1=" " ind2=" ">
    <subfield code="a">n  85829524 </subfield>
  </datafield>
  <datafield tag="040" ind1=" " ind2=" ">
    <subfield code="a">DLC</subfield>
    <subfield code="c">DLC</subfield>
  </datafield>
  <datafield tag="110" ind1="2" ind2="0">
    <subfield code="a">Burnett County Homemakers Clubs (Wis.)</subfield>
  </datafield>
  <datafield tag="670" ind1=" " ind2=" ">
    <subfield code="a">nuc85-78701: Pioneer tales of Burnett County, 1976</subfield>
    <subfield code="b">(hdg. on MnHi rept.: Burnett County Homemakers Clubs (Wis.); usage: Burnett County Homemakers Clubs)</subfield>
  </datafield>
</record>